<?xml version='1.0' encoding='utf-8'?>
<record xmlns="http://www.loc.gov/MARC21/slim" xmlns:xsi="http://www.w3.org/2001/XMLSchema-instance">
  <leader>^^^^^njm^a2200265^a^4500</leader>
  <controlfield tag="001">003509426</controlfield>
  <controlfield tag="005">20001024000000.0</controlfield>
  <controlfield tag="007">sd^fsngnn---uu</controlfield>
  <controlfield tag="008">001023s2000^^^^ilu^^n^^^^^^^^^^^^^^eng^d</controlfield>
  <datafield tag="028" ind1="0" ind2="2">
    <subfield code="a">DEP-024</subfield>
    <subfield code="b">Depot Recordings</subfield>
  </datafield>
  <datafield tag="035" ind1=" " ind2=" ">
    <subfield code="a">(OCoLC)ocm45184400</subfield>
  </datafield>
  <datafield tag="040" ind1=" " ind2=" ">
    <subfield code="a">BEU</subfield>
    <subfield code="c">BEU</subfield>
  </datafield>
  <datafield tag="100" ind1="1" ind2=" ">
    <subfield code="a">Murdock, Lee.</subfield>
    <subfield code="4">prf</subfield>
  </datafield>
  <datafield tag="245" ind1="1" ind2="4">
    <subfield code="a">The lost lake sailors</subfield>
    <subfield code="h">[sound recording] /</subfield>
    <subfield code="c">Lee Murdock.</subfield>
  </datafield>
  <datafield tag="260" ind1=" " ind2=" ">
    <subfield code="a">Kaneville, IL :</subfield>
    <subfield code="b">Depot Recordings,</subfield>
    <subfield code="c">p2000.</subfield>
  </datafield>
  <datafield tag="300" ind1=" " ind2=" ">
    <subfield code="a">1 sound disc (64:56 min.) :</subfield>
    <subfield code="b">digital, stereo. ;</subfield>
    <subfield code="c">4 3/4 in. +</subfield>
    <subfield code="e">1 pamphlet ([20] p. ; 12 cm.)</subfield>
  </datafield>
  <datafield tag="505" ind1="0" ind2=" ">
    <subfield code="a">The crack schooner Moonlight (4:18) -- Saint Martin Island (7:56) -- The wreck of the Erie Bell (3:37) -- Follow the drinkin' gourd (2:50) -- When the Willie went down (4:30) -- Perry's victory on Lake Erie (5:01) -- Shanty boy on the Big Eau Claire (4:37) -- Lament for the lost lake sailors (6:09) -- The Ward Line (4:43) -- The mermaid of Ontario (2:56) -- Charles Conrad on the S.S. Badger (5:14) -- Shallo Brown (2:05) -- The Scottish hero (3:51) -- The returning (3:32) -- Phantom ships that pass in the night (3:11)</subfield>
  </datafield>
  <datafield tag="500" ind1=" " ind2=" ">
    <subfield code="a">Compact disc.</subfield>
  </datafield>
  <datafield tag="650" ind1=" " ind2="0">
    <subfield code="a">Folk music</subfield>
    <subfield code="z">United States.</subfield>
  </datafield>
  <datafield tag="650" ind1=" " ind2="0">
    <subfield code="a">Folk songs</subfield>
    <subfield code="z">United States.</subfield>
  </datafield>
  <datafield tag="651" ind1=" " ind2="0">
    <subfield code="a">Great Lakes Region (North America)</subfield>
    <subfield code="v">Songs and music.</subfield>
  </datafield>
  <datafield tag="852" ind1="8" ind2=" ">
    <subfield code="a">MiU-H</subfield>
    <subfield code="b">BENT</subfield>
    <subfield code="h">00127 Aa 2</subfield>
  </datafield>
  <datafield tag="998" ind1=" " ind2=" ">
    <subfield code="c">LAC</subfield>
  </datafield>
  <datafield tag="955" ind1=" " ind2=" ">
    <subfield code="b">BENT</subfield>
    <subfield code="p">B1420280</subfield>
  </datafield>
</record>
